<?xml version="1.0" encoding="UTF-8"?><collection xmlns="http://www.loc.gov/MARC21/slim"><record><leader>00538nam--2200205-i-4500</leader><controlfield tag="001">000033716</controlfield><controlfield tag="002">20161230</controlfield><controlfield tag="005">20161230201039</controlfield><controlfield tag="008">060222s1000------------r-----000-0-rum-d</controlfield><datafield ind1=" " ind2=" " tag="040"><subfield code="a">IFIN-HH</subfield></datafield><datafield ind1=" " ind2=" " tag="041"><subfield code="a">rum</subfield></datafield><datafield ind1=" " ind2=" " tag="080"><subfield code="a">519.5</subfield></datafield><datafield ind1="1" ind2=" " tag="100"><subfield code="a">Negoita, C.V</subfield></datafield><datafield ind1="1" ind2="0" tag="245"><subfield code="a">Multimi vagi si aplicatiile lor</subfield><subfield code="c">C.v. negoita, d.a. ralescu</subfield></datafield><datafield ind1=" " ind2=" " tag="260"><subfield code="a">Bucuresti</subfield><subfield code="b">Editura Tehnica</subfield><subfield code="c">1974</subfield></datafield><datafield ind1=" " ind2=" " tag="300"><subfield code="a">218P</subfield></datafield><datafield ind1=" " ind2=" " tag="490"><subfield code="a">Seris Matematici Moderne Aplicate</subfield></datafield><datafield ind1="1" ind2=" " tag="700"><subfield code="a">Ralescu, D.A</subfield></datafield><datafield ind1=" " ind2=" " tag="852"><subfield code="a">40589</subfield><subfield code="c">519.4/5</subfield></datafield><datafield ind1=" " ind2=" " tag="CAT"><subfield code="a">Sys</subfield><subfield code="c">20130813</subfield><subfield code="h">130652</subfield></datafield></record></collection>